% -------------------------- Books --------------------------

@book{breuer,
  	title={{The theory of open quantum systems}},
  	author={Breuer, H.-P. and Petruccione, F.},
  	year={2002},
  	publisher={Oxford University Press},
  	address={Oxford}
}

@book{Sutherland,
  title={{Beautiful Models. 70 Years of Exactly Solved Quantum Many-Body Problems}},
  author={Sutherland, B.},
  year={2007},
  publisher={World Scientific},
  address={Singapore}
}

@book{takahashi,
  title={{Thermodynamics of One-Dimensional Solvable Models}},
  author={Takahashi, M.},
  year={1999},
  publisher={Cambridge University Press}
}

@phdthesis{jjthesis,
  author       = {Mendoza-Arenas, J. J.}, 
  title        = {Spin and energy transport in boundary-driven low-dimensional open quantum systems},
  school       = {University of Oxford},
  year         = 2014,
  month        = 7,
}

% -------------------------- Our articles --------------------------

@article{Mendoza:2013a,
  	title={{Dephasing enhanced transport in nonequilibrium strongly correlated quantum systems}},
  	author={Mendoza-Arenas, J. J. and Grujic, T. and Jaksch, D. and Clark, S. R.},
  	journal={Phys. Rev. B},
  	volume={87},
  	pages={235130},
  	year={2013},
	Doi = {10.1103/PhysRevB.87.235130},
  	publisher={APS}
}

@article{Mendoza:2013b,
 	title={{Heat transport in an $XXZ$ spin chain: from ballistic to diffusive regimes and dephasing enhancement}},
  	author={Mendoza-Arenas, J. J. and Al-Assam, S. and Clark, S. R. and Jaksch, D.},
  	journal={J. Stat. Mech. Theor. Exp.},
  	volume={2013},
  	pages={P07007},
  	year={2013},
	Doi = {10.1088/1742-5468/2013/07/P07007},
  	publisher={IOP Publishing}
}	

@article{Mendoza:2014,
 	title={{Transport enhancement from incoherent coupling between one-dimensional quantum conductors}},
  	author={Mendoza-Arenas, J. J. and Mitchison, M. T. and Clark, S. R. and Prior, J. and Jaksch, D. and Plenio, M. B.},
  	journal={New J. Phys.},
  	volume={16},
  	pages={053016},
  	year={2014},
	Doi = {10.1088/1367-2630/16/5/053016},
  	publisher={IOP Publishing}
}	

@article{Mendoza:2015,
  	title = {{Coexistence of energy diffusion and local thermalization in nonequilibrium $XXZ$ spin chains with integrability breaking}},
  	author = {Mendoza-Arenas, J. J. and Clark, S. R. and Jaksch, D.},
  	journal = {Phys. Rev. E},
  	volume = {91},
  	issue = {4},
  	pages = {042129},
  	numpages = {13},
  	year = {2015},
  	month = {Apr},
  	publisher = {American Physical Society},
  	doi = {10.1103/PhysRevE.91.042129},
  	url = {https://link.aps.org/doi/10.1103/PhysRevE.91.042129}
}

@article{Marko:2017ann,
	author = {{\v{Z}}nidari{\v{c}}, Marko and Mendoza-Arenas, Juan Jose and Clark, Stephen R. and Goold, John},
	title = {Dephasing enhanced spin transport in the ergodic phase of a many-body localizable system},
	journal = {Annalen der Physik},
	volume = {529},
	number = {7},
	url = {http://dx.doi.org/10.1002/andp.201600298},
	doi = {10.1002/andp.201600298},
	pages = {1600298},
	year = {2017}
}

@article{Mendoza:2016,
  	title={{Beyond mean-field bistability in driven-dissipative lattices: Bunching-antibunching transition and quantum simulation}},
  	author={Mendoza-Arenas, J. J. and Clark, S. R. and Felicetti, S. and Romero, G. and Solano, E. and Angelakis, D. G. and Jaksch, D.},
  	journal={Phys. Rev. A},
  	volume={93},
  	pages={023821},
  	year={2016},
	Doi = {10.1103/PhysRevA.93.023821},
  	publisher={APS}
}

@article{Gomez:2016prb,
  title = {Quantum phase transitions detected by a local probe using time correlations and violations of Leggett-Garg inequalities},
  author = {G\'omez-Ruiz, F. J. and Mendoza-Arenas, J. J. and Rodr\'{\i}guez, F. J. and Tejedor, C. and Quiroga, L.},
  journal = {Phys. Rev. B},
  volume = {93},
  issue = {3},
  pages = {035441},
  numpages = {10},
  year = {2016},
  month = {Jan},
  publisher = {American Physical Society},
  doi = {10.1103/PhysRevB.93.035441},
  url = {https://link.aps.org/doi/10.1103/PhysRevB.93.035441}
}

@article{Gomez:2018prb,
  title = {Universal two-time correlations, out-of-time-ordered correlators, and Leggett-Garg inequality violation by edge Majorana fermion qubits},
  author = {G\'omez-Ruiz, F. J. and Mendoza-Arenas, J. J. and Rodr\'{\i}guez, F. J. and Tejedor, C. and Quiroga, L.},
  journal = {Phys. Rev. B},
  volume = {97},
  issue = {23},
  pages = {235134},
  numpages = {9},
  year = {2018},
  month = {Jun},
  publisher = {American Physical Society},
  doi = {10.1103/PhysRevB.97.235134},
  url = {https://link.aps.org/doi/10.1103/PhysRevB.97.235134}
}

@article{Cosco:2018pra,
  title = {Bose-Hubbard lattice as a controllable environment for open quantum systems},
  author = {Cosco, Francesco and Borrelli, Massimo and Mendoza-Arenas, Juan Jos\'e and Plastina, Francesco and Jaksch, Dieter and Maniscalco, Sabrina},
  journal = {Phys. Rev. A},
  volume = {97},
  issue = {4},
  pages = {040101},
  numpages = {6},
  year = {2018},
  month = {Apr},
  publisher = {American Physical Society},
  doi = {10.1103/PhysRevA.97.040101},
  url = {https://link.aps.org/doi/10.1103/PhysRevA.97.040101}
}

@article{Mendoza:2018arXiv,
	Author = {Mendoza-Arenas, J. J. and {\v{Z}}nidari{\v{c}}, M. and Varma, V. K. and Goold, J. and Clark, S. R. and Scardicchio, A.},
	Journal = {arXiv:1803.11555},
	Number = {1803.11555},
	Title = {{Asymmetry in energy versus spin transport in certain interacting, disordered systems}},
	Year = {2018}
}

@article{castillo2013pra,
  title = {{Enhanced violation of a Leggett-Garg inequality under nonequilibrium thermal conditions}},
  author = {Castillo, J. C. and Rodr\'{i}guez, F. J. and Quiroga, L.},
  journal = {Phys. Rev. A},
  volume = {88},
  pages = {022104},
  year = {2013},
  publisher = {American Physical Society},
  doi = {10.1103/PhysRevA.88.022104},
}

% -------------------------- TNT methods --------------------------

@article{Suzuki:1990,
  	title={{Fractal decomposition of exponential operators with applications to many-body theories and Monte Carlo simulations}},
  	author={Suzuki, M.},
  	journal={Phys. Lett. A},
  	volume={146},
  	pages={319},
  	year={1990}}

@article{Zwolak:2004,
  	title={{Mixed-state dynamics in one-dimensional quantum lattice systems: A time-dependent superoperator renormalization algorithm}},
  	author={Zwolak, M. and Vidal, G.},
  	journal={Phys. Rev. Lett.},
  	volume={93},
  	pages={207205},
  	year={2004},
	Doi = {10.1103/PhysRevLett.93.207205},
  	publisher={APS}}

@article{Cirac:2004,
  	title={{Matrix product density operators: simulation of finite-temperature and dissipative systems}},
  	author={Verstraete, F. and Garcia-Ripoll, J. J. and Cirac, J. I.},
  	journal={Phys. Rev. Lett.},
  	volume={93},
  	pages={207204},
  	year={2004},
	Doi = {10.1103/PhysRevLett.93.207204},
  	publisher={APS}}

@article{Daley:2004,
  	title={{Time-dependent density-matrix renormalization-group using adaptive effective Hilbert spaces}},
  	author={Daley, A. J. and Kollath, C. and Schollw\"{o}ck, U. and Vidal, G.},
  	journal={J. Stat. Mech. Theor. Exp.},
  	volume={2004},
  	pages={P04005},
  	year={2004},
	Doi = {10.1088/1742-5468/2004/04/P04005},
  	publisher={IOP Publishing}}

@article{gobert:2005,
  	title={{Real-time dynamics in spin-1/2 chains with adaptive time-dependent density matrix renormalization group}},
  	author={Gobert, D. and Kollath, C. and Schollw\"{o}ck, U. and Sch\"{u}tz, G.},
  	journal={Phys. Rev. E},
  	volume={71},
  	pages={036102},
  	year={2005},
  	publisher={APS}
}

@article{Schollwock:2011,
  	title = {The density-matrix renormalization group in the age of matrix product states},
  	author = {Schollw\"ock, U.},
  	journal = {Annals of Physics},
  	volume = {326},
  	pages = {96},
	Doi = {10.1016/j.aop.2010.09.012},
  	year = {2011}}

@ONLINE{tnt,
	author = {Al-Assam, S. and Clark, S. R. and Jaksch, D. and Development Team, TNT},
	title = {{Tensor Network Theory Library, Beta Version 1.2.0}},
	year = {2016},
	url = {http://www.tensornetworktheory.org}
}

@article{tnt_review1,
  	title = {{The Tensor Network Theory Library}},
  	author = {Al-Assam, S. and Clark, S. R. and Jaksch, D.},
  	journal = {	J. Stat. Mech.},
  	volume = {2017},
  	pages = {093102},
  	year = {2017},
	Doi = {10.1088/1742-5468/aa7df3},
  	publisher = {IOP}
}

% -------------------------- Transport experiments in cold atoms --------------------------

@article{Brantut:2012,
  	title={Conduction of ultracold fermions through a mesoscopic channel},
  	author={Brantut, J. -P. and Meineke, J. and Stadler, D. and Krinner, S. and Esslinger, T.},
  	journal={Science},
  	volume={337},
  	pages={1069},  
	Doi = {10.1126/science.1223175},
  	year={2012}}

@article{Stadler:2012,
  	title={{Observing the drop of resistance in the flow of a superfluid Fermi gas}},
  	author={Stadler, D. and Krinner, S. and Meineke, J. and Brantut, J. -P. and Esslinger, T.},
  	journal={Nature},
  	volume={491},
  	pages={736},  
	Doi = {10.1038/nature11613},
  	year={2012}}

@article{Krinner:2013,
  	title = {Superfluidity with disorder in a thin film of quantum gas},
  	author = {Krinner, S. and Stadler, D. and Meineke, J. and Brantut, J.-P. and Esslinger, T.},
  	journal = {Phys. Rev. Lett.},
  	volume = {110},
  	pages = {100601},
  	year = {2013},
	Doi = {10.1103/PhysRevLett.110.100601},
  	publisher = {American Physical Society}}

@article{Krinner:2015,
  	title = {Observation of Quantized Conductance in Neutral Matter},
  	author = {Krinner, S. and Stadler, D. and Husmann, D. and Brantut, J.-P. and Esslinger, T.},
  	journal = {Nature},
  	volume = {517},
  	pages = {64},
	Doi = {doi:10.1038/nature14049},
  	year = {2015}}

@article{Brantut:2013,
  	title={A thermoelectric heat engine with ultracold atoms},
  	author={Brantut, J.-P. and Grenier, C. and Meineke, J. and Stadler, D. and Krinner, S. and Kollath, C. and Esslinger, T. and Georges, A.},
  	journal={Science},
  	volume={342},
  	pages={713},  
  	year={2013},
}

@article{Hausler2017,
  	title = {{Scanning Gate Microscope for Cold Atomic Gases}},
  	author = {H\"ausler, S. and Nakajima, S. and Lebrat, M. and Husmann, D. and Krinner, S. and Esslinger, T. and Brantut, J.-P.},
  	journal = {Phys. Rev. Lett.},
  	volume = {119},
  	issue = {3},
  	pages = {030403},
  	numpages = {6},
  	year = {2017},
  	month = {Jul},
  	publisher = {American Physical Society},
  	doi = {10.1103/PhysRevLett.119.030403},
  	url = {https://link.aps.org/doi/10.1103/PhysRevLett.119.030403}
}

@article{Lebrat:2017,
  title = {Band and Correlated Insulators of Cold Fermions in a Mesoscopic Lattice},
  author = {Lebrat, Martin and Gri\ifmmode \check{s}\else \v{s}\fi{}ins, Pjotrs and Husmann, Dominik and H\"ausler, Samuel and Corman, Laura and Giamarchi, Thierry and Brantut, Jean-Philippe and Esslinger, Tilman},
  journal = {Phys. Rev. X},
  volume = {8},
  issue = {1},
  pages = {011053},
  numpages = {18},
  year = {2018},
  month = {Mar},
  publisher = {American Physical Society},
  doi = {10.1103/PhysRevX.8.011053},
  url = {https://link.aps.org/doi/10.1103/PhysRevX.8.011053}
}

@article{Krinner:2017,
  	title={Two-terminal transport measurements with cold atoms},
  	author={Krinner, S. and Esslinger, T. and Brantut, J.-P.},
  	journal={Journal of Physics: Condensed Matter},
  	volume={29},
  	number={34},
  	pages={343003},
  	url={http://stacks.iop.org/0953-8984/29/i=34/a=343003},
  	year={2017}
}

% -------------------------- Transport in spin systems --------------------------

@article{Prosen:2009,
	Author={Prosen, T. and {\v{Z}}nidari{\v{c}}, M.},
  	title={{Matrix product simulations of non-equilibrium steady states of quantum spin chains}},
  	Journal={J. Stat. Mech.},
  	pages={P02035},
  	year={2009},
	Doi = {10.1088/1742-5468/2009/02/P02035},
  	publisher={IOP Publishing}}
	
@article{Benenti:2009,
  	title={{Charge and spin transport in strongly correlated one-dimensional quantum systems driven far from equilibrium}},
  	author={Benenti, G. and Casati, G. and Prosen, T. and Rossini, D. and {\v{Z}}nidari{\v{c}}, M.},
  	journal={Phys. Rev. B},
  	volume={80},
  	pages={35110},
  	year={2009},
	Doi = {0.1103/PhysRevB.80.035110},
  	publisher={APS}}	
	
@article{Znidaric:2010b,
  	title={{Exact solution for a diffusive nonequilibrium steady state of an open quantum chain}},
  	author={{\v{Z}}nidari{\v{c}}, M.},
  	journal={J. Stat. Mech. Theor. Exp.},
  	volume={2010},
  	pages={L05002},
  	year={2010},
	Doi = {10.1088/1742-5468/2010/05/L05002},
  	publisher={IOP Publishing}}	

@article{Znidaric:2011a,
  	title={{Solvable quantum nonequilibrium model exhibiting a phase transition and a matrix product representation}},
  	author={{\v{Z}}nidari{\v{c}}, M.},
  	journal={Phys. Rev. E},
  	volume={83},
  	number={1},
  	pages={011108},
  	year={2011},
	Doi = {10.1103/PhysRevE.83.011108},
  	publisher={American Physical Society}}

@article{Znidaric:2011b,
  	title = {Spin Transport in a One-Dimensional Anisotropic Heisenberg Model},
  	author = {{\v{Z}}nidari{\v{c}}, M.},
  	journal = {Phys. Rev. Lett.},
  	volume = {106},
  	issue = {22},
  	pages = {220601},
  	year = {2011},
	Doi = {10.1103/PhysRevLett.106.220601},
  	publisher = {American Physical Society}}

@article{Znidaric:2011c,
 title={{Transport in a one-dimensional isotropic Heisenberg model at high temperature}},
  author={{\v{Z}}nidari{\v{c}}, M.},
  journal={J. Stat. Mech.},
  volume={2011},
  pages={P12008},
  year={2011},
  publisher={IOP Publishing}
}
	
@article{Karevski:2013,
  	title = {{Exact Matrix Product Solution for the Boundary-Driven Lindblad $XXZ$ Chain}},
  	author = {Karevski, D. and Popkov, V. and Sch\"utz, G. M.},
  	journal = {Phys. Rev. Lett.},
  	volume = {110},
  	pages = {047201},
  	year = {2013},
	Doi = {10.1103/PhysRevLett.110.047201},
  	publisher = {American Physical Society}}	

@article{Landi:2015,
  	title = {{The open Heisenberg chain under boundary fields: a magnonic logic gate}},
  	author = {Landi, Gabriel T. and Karevski, D.},
  	journal = {Phys. Rev. B},
  	volume = {91},
  	pages = {174422},
  	year = {2015},
	Doi = {10.1103/PhysRevB.91.174422},
  	publisher = {American Physical Society}}	

@article{Znidaric:2016,
	Author = {{\v{Z}}nidari{\v{c}}, Marko and Scardicchio, Antonello and Varma, Vipin},
	Date-Added = {2016-09-14 08:14:15 +0000},
	Date-Modified = {2016-09-14 08:16:43 +0000},
	Doi = {10.1103/PhysRevLett.117.040601},
	Journal = {Phys. Rev. Lett.},
	Number = {4},
	Pages = {040601},
	Title = {Diffusive and Subdiffusive Spin Transport in the Ergodic Phase of a Many-Body Localizable System},
	Volume = {117},
	Year = {2016},
	Bdsk-Url-1 = {http://dx.doi.org/10.1103/PhysRevLett.117.040601}}
	
@article{Znidaric:2010,
	Author = {{\v{Z}}nidari{\v{c}}, Marko},
	Date-Added = {2016-09-14 08:14:15 +0000},
	Date-Modified = {2016-09-14 08:16:43 +0000},
	Doi = {10.1088/1367-2630/12/4/043001},
	Journal = {New Journal of Physics},
	Pages = {043001},
	Title = {Dephasing-induced diffusive transport in anisotropic Heisenberg model},
	Volume = {12},
	Year = {2010},
	Bdsk-Url-1 = {http://iopscience.iop.org/article/10.1088/1367-2630/12/4/043001/pdf}}
	
@article{Znidaric:2008,
	Author = {{\v{Z}}nidari{\v{c}}, Marko and Prosen, Toma{\v{z}} and Prelov{\v{s}}ek, Peter},
	Date-Added = {2016-09-13 13:54:46 +0000},
	Date-Modified = {2016-09-14 07:07:12 +0000},
	Journal = {Phys. Rev. B},
	Number = {6},
	Pages = {064426},
	Publisher = {APS},
	Title = {Many-body localization in the Heisenberg XXZ magnet in a random field},
	Volume = {77},
	Year = {2008}}

@article{zotos:1997,
  	title={Transport and conservation laws},
  	author={Zotos, X. and Naef, F. and Prelov{\v{s}}ek, P.},
  	journal={Phys. Rev. B},
  	volume={55},
  	pages={11029},
  	year={1997},
  	publisher={APS}
}

@article{prosen:2011,
  	title = {{Open $XXZ$ Spin Chain: Nonequilibrium Steady State and a Strict Bound on Ballistic Transport}},
  	author = {Prosen, T.},
  	journal = {Phys. Rev. Lett.},
  	volume = {106},
  	pages = {217206},
  	year = {2011},
  	publisher = {American Physical Society}
}

@article{prosen:2013,
  	title = {{Families of Quasilocal Conservation Laws and Quantum Spin Transport}},
  	author = {Prosen, T. and Ilievski, E.},
  	journal = {Phys. Rev. Lett.},
  	volume = {111},
  	pages = {057203},
  	year = {2013},
  	publisher = {American Physical Society}
}

@article{klumper:2002,
  	title = {{The thermal conductivity of the spin-$\frac{1}{2}$ XXZ chain at arbitrary temperature}},
  	author = {Kl\"umper, A. and Sakai, K.},
  	journal = {J. Phys. A: Math. Gen.},
  	volume = {35},
  	pages = {2173},
  	year = {2002}
}

@article{orignac:2003,
  	title = {{Thermal transport in one-dimensional spin gap systems}},
  	author = {Orignac, E. and Chitra, R. and Citro, R.},
  	journal = {Phys. Rev. B},
  	volume = {67},
  	pages = {134426},
  	year = {2003},
  	publisher = {American Physical Society}
}

@article{langer:2011,
  	title={{Real-time energy dynamics in spin-1/2 Heisenberg chains}},
  	author={Langer, S. and Heyl, M. and McCulloch, I. P. and Heidrich-Meisner, F.},
  	journal={Phys. Rev. B},
  	volume={84},
  	pages={205115},
  	year={2011},
  	publisher={APS}
}

@article{louis:2003,
  	title = {{Diverging magnetothermal response in the one-dimensional Heisenberg chain}},
  	author = {Louis, K. and Gros, C.},
  	journal = {Phys. Rev. B},
  	volume = {67},
  	issue = {22},
  	pages = {224410},
  	numpages = {10},
  	year = {2003},
  	publisher = {American Physical Society}
}

@article{karrasch:2015,
  	title = {{Spin and thermal conductivity of quantum spin chains and ladders}},
  	author = {Karrasch, C. and Kennes, D. M. and Heidrich-Meisner, F.},
  	journal = {Phys. Rev. B},
  	volume = {91},
  	pages = {115130},
  	year = {2015},
  	publisher = {American Physical Society}
}

@article{karrasch:2013,
  	title = {Nonequilibrium thermal transport and its relation to linear response},
  	author = {Karrasch, C. and Ilan, R. and Moore, J. E.},
  	journal = {Phys. Rev. B},
  	volume = {88},
  	pages = {195129},
  	year = {2013},
  	publisher = {American Physical Society}
}

@article{heidrich:2007,
  	title={Transport in quasi one-dimensional spin-1/2 systems},
  	author={Heidrich-Meisner, F. and Honecker, A. and Brenig, W.},
  	journal={Eur. Phys. J. Special Topics},
  	volume={151},
  	pages={135},
  	year={2007},
}

@article{Heidrich-Meisner:2003,
  	title = {Zero-frequency transport properties of one-dimensional spin-$\frac{1}{2}$ systems},
  	author = {Heidrich-Meisner, F. and Honecker, A. and Cabra, D. C. and Brenig, W.},
  	journal = {Phys. Rev. B},
  	volume = {68},
  	pages = {134436},
  	year = {2003},
  	publisher = {American Physical Society}
}

@article{ajisaka:2012,
  	title={{Nonequlibrium particle and energy currents in quantum chains connected to mesoscopic Fermi reservoirs}},
  	author={Ajisaka, S. and Barra, F. and Mej\'{ia}-Monasterio, C. and Prosen, T.},
  	journal={Phys. Rev. B},
  	volume={86},
  	pages={125111},
  	year={2012},
  	publisher={APS}
}

% -------------------------- Time correlations --------------------------

@article{capel:1977,
  	title={{Autocorrelation function of the $x$-component of the magnetization in the one-dimensional $XY$ model}},
  	author={Capel, H. W. and Perk, J. H. H.},
  	journal={Physica A},
  	volume={87A},
  	pages={211},
  	year={1977},
	doi = {10.1016/0378-4371(77)90014-0}
}

@article{katsura:1970,
  	title={{Dynamical properties of the isotropic XY model}},
  	author={Katsura, S. and Horiguchi, T. and Suzuki, M.},
  	journal={Physica},
  	volume={46},
  	pages={67},
  	year={1970},
	doi = {10.1016/0031-8914(70)90118-7}
}

@article{poletti:2015,
  title = {Two-Time Correlations Probing the Dynamics of Dissipative Many-Body Quantum Systems: Aging and Fast Relaxation},
  author = {Sciolla, Bruno and Poletti, Dario and Kollath, Corinna},
  journal = {Phys. Rev. Lett.},
  volume = {114},
  issue = {17},
  pages = {170401},
  numpages = {6},
  year = {2015},
  month = {Apr},
  publisher = {American Physical Society},
  doi = {10.1103/PhysRevLett.114.170401},
  url = {https://link.aps.org/doi/10.1103/PhysRevLett.114.170401}
}

% -------------------------- LGI --------------------------

@article{lambert2010prl,
  title = {{Distinguishing Quantum and Classical Transport through Nanostructures}},
  author = {Lambert, N. and Emary, C. and Chen, Y.-N. and Nori, F.},
  journal = {\href{https://link.aps.org/doi/10.1103/PhysRevLett.105.176801}Phys. Rev. Lett.},
  volume = {105},
  issue = {17},
  pages = {176801},
  numpages = {4},
  year = {2010},
  month = {Oct},
  publisher = {American Physical Society},
  doi = {10.1103/PhysRevLett.105.176801},
  url = {https://link.aps.org/doi/10.1103/PhysRevLett.105.176801}
}

@article{Leggett2,
  author={A. J. Leggett},
  title={Realism and the physical world},
  journal={\href{http://stacks.iop.org/0034-4885/71/i=2/a=022001}{Reports on Progress in Physics}},
  volume={71},
  number={2},
  pages={022001},
  url={http://stacks.iop.org/0034-4885/71/i=2/a=022001},
  year={2008}
}

@article{leggett,
  title = {Quantum mechanics versus macroscopic realism: Is the flux there when nobody looks?},
  author = {Leggett, A. J. and Garg, Anupam},
  journal = {\href{https://link.aps.org/doi/10.1103/PhysRevLett.54.857}{Phys. Rev. Lett.}},
  volume = {54},
  issue = {9},
  pages = {857--860},
  numpages = {0},
  year = {1985},
  month = {Mar},
  publisher = {American Physical Society},
  doi = {10.1103/PhysRevLett.54.857},
  url = {https://link.aps.org/doi/10.1103/PhysRevLett.54.857}
}

@article{emary,
  author={Clive Emary and Neill Lambert and Franco Nori},
  title={Leggett-Garg inequalities},
  journal={\href{http://stacks.iop.org/0034-4885/77/i=1/a=016001}{Reports on Progress in Physics}},
  volume={77},
  number={1},
  pages={016001},
  url={http://stacks.iop.org/0034-4885/77/i=1/a=016001},
  year={2014}
}

@article{paz,
  title = {Proposed test for temporal Bell inequalities},
  author = {Paz, Juan Pablo and Mahler, G\"unter},
  journal = {\href{https://link.aps.org/doi/10.1103/PhysRevLett.71.3235}{Phys. Rev. Lett.}},
  volume = {71},
  issue = {20},
  pages = {3235--3239},
  numpages = {0},
  year = {1993},
  month = {Nov},
  publisher = {American Physical Society},
  doi = {10.1103/PhysRevLett.71.3235},
  url = {https://link.aps.org/doi/10.1103/PhysRevLett.71.3235}
}

@article{kofler,
  title = {Conditions for Quantum Violation of Macroscopic Realism},
  author = {Kofler, Johannes and Brukner, {\v C}aslav},
  journal = {\href{https://link.aps.org/doi/10.1103/PhysRevLett.101.090403}{Phys. Rev. Lett.}},
  volume = {101},
  issue = {9},
  pages = {090403},
  numpages = {4},
  year = {2008},
  month = {Aug},
  publisher = {American Physical Society},
  doi = {10.1103/PhysRevLett.101.090403},
  url = {https://link.aps.org/doi/10.1103/PhysRevLett.101.090403}
}

@article{palacios,
  title = {Experimental violation of a Bell/'s inequality in time with weak measurement},
  author = {Palacios-Laloy, Agustin. and Mallet, Francois. and Nguyen, Francois. and  Bertet, Patrice. and Vion, Denis. and Esteve, Daniel. and Korotkov, Alexander N.},
  journal = {\href{http://dx.doi.org/10.1038/nphys1641}{Nat Phys}},
  volume = {6},
  issue = {6},
  pages = {442},
  numpages = {5},
  year = {2010},
  publisher = {Nature Publishing Group},
  doi = {doi.org/10.1038/nphys1641},
  url = {http://dx.doi.org/10.1038/nphys1641}
}

@article{goggin,
author = {Goggin, M. E. and Almeida, M. P. and Barbieri, M. and Lanyon, B. P. and O'Brien, J. L. and White, A. G. and Pryde, G. J.}, 
title = {Violation of the Leggett-Garg inequality with weak measurements of photons},
journal = {\href{http://www.pnas.org/content/108/4/1256.abstract}{Proceedings of the National Academy of Sciences} },
volume = {108}, 
number = {4}, 
pages = {1256-1261}, 
year = {2011}, 
doi = {10.1073/pnas.1005774108}, 
URL = {http://www.pnas.org/content/108/4/1256.abstract}
}

@article{knee,
  author = {Knee, George C. and  Simmons, Stephanie. and Gauger, Erik M. and Morton, John J.L. and Riemann, Helge. and Abrosimov, Nikolai V. and Becker, Peter. and Pohl, Hans-Joachim. and Itoh, Kohei M. and Thewalt, Mike L.W. and Briggs, G. Andrew D. and Benjamin, Simon C.},
   title= {Violation of a Leggett-Garg inequality with ideal non-invasive measurements},
  journal = {\href{http://dx.doi.org/10.1038/ncomms1614}{Nat Comms}},
  volume = {3},
  pages = {606},
  year = {2012},
  publisher = {Nature Publishing Group},
  doi = {http://dx.doi.org/10.1038/ncomms1614},
  url = {http://dx.doi.org/10.1038/ncomms1614}
}

@article{jordan,
  title = {Leggett-Garg Inequality with a Kicked Quantum Pump},
  author = {Jordan, Andrew N. and Korotkov, Alexander N. and B\"uttiker, Markus},
  journal = {\href{https://link.aps.org/doi/10.1103/PhysRevLett.97.026805}{Phys. Rev. Lett.}},
  volume = {97},
  issue = {2},
  pages = {026805},
  numpages = {4},
  year = {2006},
  month = {Jul},
  publisher = {American Physical Society},
  doi = {10.1103/PhysRevLett.97.026805},
  url = {https://link.aps.org/doi/10.1103/PhysRevLett.97.026805}
}

@article{athalye,
  title = {Investigation of the Leggett-Garg Inequality for Precessing Nuclear Spins},
  author = {Athalye, Vikram and Roy, Soumya Singha and Mahesh, T. S.},
  journal = {\href{https://link.aps.org/doi/10.1103/PhysRevLett.107.130402}{Phys. Rev. Lett.}},
  volume = {107},
  issue = {13},
  pages = {130402},
  numpages = {5},
  year = {2011},
  month = {Sep},
  publisher = {American Physical Society},
  doi = {10.1103/PhysRevLett.107.130402},
  url = {https://link.aps.org/doi/10.1103/PhysRevLett.107.130402}
}

@article{waldherr,
  title = {Violation of a Temporal Bell Inequality for Single Spins in a Diamond Defect Center},
  author = {Waldherr, G. and Neumann, P. and Huelga, S. F. and Jelezko, F. and Wrachtrup, J.},
  journal = {\href{https://link.aps.org/doi/10.1103/PhysRevLett.107.090401}{Phys. Rev. Lett.}},
  volume = {107},
  issue = {9},
  pages = {090401},
  numpages = {4},
  year = {2011},
  month = {Aug},
  publisher = {American Physical Society},
  doi = {10.1103/PhysRevLett.107.090401},
  url = {https://link.aps.org/doi/10.1103/PhysRevLett.107.090401}
}

@article{dressel,
  title = {Experimental Violation of Two-Party Leggett-Garg Inequalities with Semiweak Measurements},
  author = {Dressel, J. and Broadbent, C. J. and Howell, J. C. and Jordan, A. N.},
  journal = {\href{https://link.aps.org/doi/10.1103/PhysRevLett.106.040402}{Phys. Rev. Lett.}},
  volume = {106},
  issue = {4},
  pages = {040402},
  numpages = {4},
  year = {2011},
  month = {Jan},
  publisher = {American Physical Society},
  doi = {10.1103/PhysRevLett.106.040402},
  url = {https://link.aps.org/doi/10.1103/PhysRevLett.106.040402}
}

@article{bell_leggett_garg_2016,
  title={{Preserving entanglement during weak measurement demonstrated with a violation of the Bell-Leggett-Garg inequality}},
  author={White, T.C. and Mutus, J.Y. and Dressel, J. and Kelly, J. and Barends, R. and Jeffrey, E. and Sank, D. and Megrant, A. and Campbell, B. and Chen, Yu and Chen, Z. and Chiaro, B. and Dunsworth, A. and Hoi, I.-C. and Neill, C. and O'Malley, P.J.J. and Roushan, P. and Vainsencher, A. and Wenner, J. and Korotkov, A. N. and Martinis, John M.},
  journal={npj Quantum Inf.},
  volume = {2},
  pages = {15022}, 
  year={2016},
  doi = {10.1038/npjqi.2015.22},
}

@article{huffman2017pra,
  title = {{Violation of noninvasive macrorealism by a superconducting qubit: Implementation of a Leggett-Garg test that addresses the clumsiness loophole}},
  author = {Huffman, E. and Mizel, A.},
  journal = {Phys. Rev. A},
  volume = {95},
  issue = {3},
  pages = {032131},
  numpages = {6},
  year = {2017},
  month = {Mar},
  publisher = {American Physical Society},
  doi = {10.1103/PhysRevA.95.032131},
  url = {https://link.aps.org/doi/10.1103/PhysRevA.95.032131}
}

% ----------------------------- Quantifying coherence -----------------------------

@article{Baumgratz:2014prl,
  title = {Quantifying Coherence},
  author = {Baumgratz, T. and Cramer, M. and Plenio, M. B.},
  journal = {Phys. Rev. Lett.},
  volume = {113},
  issue = {14},
  pages = {140401},
  numpages = {5},
  year = {2014},
  month = {Sep},
  publisher = {American Physical Society},
  doi = {10.1103/PhysRevLett.113.140401},
  url = {https://link.aps.org/doi/10.1103/PhysRevLett.113.140401}
}

@article{Friedenberger:2017pra,
  title = {Assessing the quantumness of a damped two-level system},
  author = {Friedenberger, Alexander and Lutz, Eric},
  journal = {Phys. Rev. A},
  volume = {95},
  issue = {2},
  pages = {022101},
  numpages = {8},
  year = {2017},
  month = {Feb},
  publisher = {American Physical Society},
  doi = {10.1103/PhysRevA.95.022101},
  url = {https://link.aps.org/doi/10.1103/PhysRevA.95.022101}
}

@article{Sanpera:2018rep,
  title = {Genuine quantum correlations in quantum many-body systems: a review of recent progress},
  author = {de Chiara, G. and Sanpera, A.},
  journal = {Rep. Prog. Phys.},
  volume = {81},
  pages = {074002},
  year = {2018},
  publisher = {IOP},
  doi = {10.1088/1361-6633/aabf61}
}

@article{plenio:2018rmp,
  title = {Colloquium: Quantum Coherence as a Resource},
  author = {Streltsov, A. and Adesso, G. and Plenio, M. B.},
  journal = {Rev. Mod. Phys.},
  volume = {xx},
  pages = {yyyy},
  year = {2018},
  publisher = {American Physical Society},
  doi = {10.1103/PhysRevA.95.022101}
}

@article{hu:2018rmp,
  title = {Quantum coherence and quantum correlations},
  author = {Hu, M.-L. and Hu, X. and Wang, J.-C. and Peng, Y. and Zhang, Y.-R. and Fan, H.},
  journal = {Rev. Mod. Phys.},
  volume = {xx},
  pages = {yyyy},
  year = {2018},
  publisher = {American Physical Society},
  doi = {10.1103/PhysRevA.95.022101}
}

% ----------------------------- Bell inequalities -----------------------------

@article{Brunner_RMP2014,
  title = {Bell nonlocality},
  author = {Brunner, Nicolas and Cavalcanti, Daniel and Pironio, Stefano and Scarani, Valerio and Wehner, Stephanie},
  journal = {\href{https://link.aps.org/doi/10.1103/RevModPhys.86.419}{Rev. Mod. Phys.}},
  volume = {86},
  issue = {2},
  pages = {419--478},
  numpages = {60},
  year = {2014},
  month = {Apr},
  publisher = {American Physical Society},
  url = {https://link.aps.org/doi/10.1103/RevModPhys.86.419}
}

% ----------------------------- Local measurements -----------------------------

@article{Gessner2011PRL,
  title = {{Detecting Nonclassical System-Environment Correlations by Local Operations}},
  author = {Gessner, M. and Breuer, H.-P},
  journal = {\href{https://link.aps.org/doi/10.1103/PhysRevLett.107.180402}{Phys. Rev. Lett.}},
  volume = {107},
  issue = {18},
  pages = {180402},
  numpages = {4},
  year = {2011},
  month = {Oct},
  publisher = {American Physical Society},
  url={https://link.aps.org/doi/10.1103/PhysRevLett.107.180402}
}

@article{Gessner2013PRA,
  title = {Local witness for bipartite quantum discord},
  author = {Gessner, M. and Breuer, H.-P.},
  journal = {\href{https://link.aps.org/doi/10.1103/PhysRevA.87.042107}{Phys. Rev. A}},
  volume = {87},
  issue = {4},
  pages = {042107},
  numpages = {7},
  year = {2013},
  month = {Apr},
  publisher = {American Physical Society},
  url={https://link.aps.org/doi/10.1103/PhysRevA.87.042107}
}

@article{Gessner2014epl,
  title = {Observing a quantum phase transition by measuring a single spin},
  author = {Gessner, M. and Ramm, M. and  H\"affner, H. and Buchleitner, A. and Breuer, H.-P.},
  journal={\href{http://stacks.iop.org/0295-5075/107/i=4/a=40005}{Europhysics Letters}},
  volume={107},
  number={4},
  pages={40005},
  year={2014},
  url={http://stacks.iop.org/0295-5075/107/i=4/a=40005}
}

@article{Gessner2014Nat,
  title = {Local detection of quantum correlations with a single trapped ion},
  author = {Gessner, M. and Ramm, M. and Pruttivarasin, T. and Buchleitner, A. and Breuer, H.-P. and H\"affner, H.},
  journal = {\href{http://dx.doi.org/10.1038/nphys2829}{Nature Physics}},
  volume = {10},
  pages = {105},
  year = {2013},
  url={http://dx.doi.org/10.1038/nphys2829}
}

@article{abdelrahman2017Nat,
  title = {Local probe of single phonon dynamics in warm ion crystals},
  author = {Abdelrahman, A. and Khosravani, O. and Gessner, M. and Buchleitner, A. and Breuer, H.-P. and  Gorman, D. and  Masuda, R. and Pruttivarasin, T. and Ramm, M. and  Schindler, P. and H\"affner, H.},
  journal = {\href{http://dx.doi.org/10.1038/ncomms15712}{Nat. Commun.}},
  volume = {8},
  pages = {15712},
  year = {2017},
  url={http://dx.doi.org/10.1038/ncomms15712}
}

% ----------------------------- Environment-assisted effects -----------------------------

@article{zhang:2017,
  title = {Rescuing a Quantum Phase Transition with Quantum Noise},
  author = {Zhang, Gu and Novais, E. and Baranger, Harold U.},
  journal = {Phys. Rev. Lett.},
  volume = {118},
  issue = {5},
  pages = {050402},
  numpages = {6},
  year = {2017},
  month = {Feb},
  publisher = {American Physical Society},
  doi = {10.1103/PhysRevLett.118.050402},
  url = {https://link.aps.org/doi/10.1103/PhysRevLett.118.050402}
}

@article{semiao2010njp,
  title={{Vibration-enhanced quantum transport}},
  author={Semi\~{a}o, F. L. and Furuya, K. and Milburn, G. J.},
  journal={New J. Phys.},
  volume={12},
  pages={083033},
  year={2010},
  doi = {10.1088/1367-2630/12/8/083033}
}

@article{chin2010njp,
  title={{Noise-assisted energy transfer in quantum networks and light-harvesting complexes}},
  author={Chin, A. W. and Datta, A. and Caruso, F. and Huelga, S. F. and Plenio, M. B.},
  journal={New. J. Phys.},
  volume={12},
  pages={065002},
  year={2010},
  doi = {10.1088/1367-2630/12/6/065002}
}

@article{deph_assisted2,
  title={{Environment-assisted quantum transport}},
  author={Rebentrost, P. and Mohseni, M. and Kassal, I. and Lloyd, S. and Aspuru-Guzik, A.},
  journal={New J. Phys.},
  volume={11},
  pages={033003},
  year={2009},
  publisher={IOP Publishing},
  doi = {10.1088/1367-2630/11/3/033003}
}

@article{mohseni_jcp2008,
  title={{Environment-assisted quantum walks in photosynthetic energy transfer}},
  author={Mohseni, M. and Rebentrost, P. and Lloyd, S. and Aspuru-Guzik, A.},
  journal={J. Chem. Phys.},
  volume={129},
  pages={174106},
  year={2008},
  publisher={AIP},
  doi = {10.1063/1.3002335}
}

@article{plenio2008njp,
  title={{Dephasing-assisted transport: quantum networks and biomolecules}},
  author={Plenio, M. B. and Huelga, S. F.},
  journal={New J. Phys.},
  volume={10},
  pages={113019},
  year={2008},
  publisher={IOP Publishing},
  doi = {10.1088/1367-2630/10/11/113019}
}

@article{sinayskiy_prl2012,
  title={{Decoherence-assisted transport in a dimer system}},
  author={Sinayskiy, I. and Marais, A. and Petruccione, F. and Ekert, A.},
  journal={Phys. Rev. Lett.},
  volume={108},
  pages={020602},
  year={2012},
  publisher={APS},
  doi = {10.1103/PhysRevLett.108.020602}
}

@article{deph_assisted_plenio,
  title={{Highly efficient energy excitation transfer in light-harvesting complexes: The fundamental role of noise-assisted transport}},
  author={Caruso, F. and Chin, A. W. and Datta, A. and Huelga, S. F. and Plenio, M. B.},
  journal={J. Chem. Phys.},
  volume={131},
  pages={105106},
  year={2009},
  publisher={APS},
  doi = {10.1063/1.3223548}
}

@article{krauter2011prl,
  title = {Entanglement Generated by Dissipation and Steady State Entanglement of Two Macroscopic Objects},
  author = {Krauter, Hanna and Muschik, Christine A. and Jensen, Kasper and Wasilewski, Wojciech and Petersen, Jonas M. and Cirac, J. Ignacio and Polzik, Eugene S.},
  journal = {Phys. Rev. Lett.},
  volume = {107},
  issue = {8},
  pages = {080503},
  numpages = {5},
  year = {2011},
  month = {Aug},
  publisher = {American Physical Society},
  doi = {10.1103/PhysRevLett.107.080503},
  url = {https://link.aps.org/doi/10.1103/PhysRevLett.107.080503}
}

@article{kastoryano2011prl,
  title = {Dissipative Preparation of Entanglement in Optical Cavities},
  author = {Kastoryano, M. J. and Reiter, F. and S\o{}rensen, A. S.},
  journal = {Phys. Rev. Lett.},
  volume = {106},
  issue = {9},
  pages = {090502},
  numpages = {4},
  year = {2011},
  month = {Feb},
  publisher = {American Physical Society},
  doi = {10.1103/PhysRevLett.106.090502},
  url = {https://link.aps.org/doi/10.1103/PhysRevLett.106.090502}
}

@article{wang2013prl,
  title = {Reservoir-Engineered Entanglement in Optomechanical Systems},
  author = {Wang, Ying-Dan and Clerk, Aashish A.},
  journal = {Phys. Rev. Lett.},
  volume = {110},
  issue = {25},
  pages = {253601},
  numpages = {5},
  year = {2013},
  month = {Jun},
  publisher = {American Physical Society},
  doi = {10.1103/PhysRevLett.110.253601},
  url = {https://link.aps.org/doi/10.1103/PhysRevLett.110.253601}
}

@article{lin2013nat,
  title = {Dissipative production of a maximally entangled steady state of two quantum bits},
  author = {Lin, Y. and Gaebler, J. P. and Reiter, F. and Tan, T. R. and Bowler, R. and S\o{}rensen, A. S. and Leibfried, D. and Wineland, D. J.},
  journal = {Nature},
  volume = {504},
  pages = {415},
  year = {2013},
  month = {Jun},
  publisher = {Nature Publishing Group},
  doi = {10.1038/nature12801},
  url = {http://dx.doi.org/10.1038/nature12801}
}

@article{kienzler2015sci,
  title = {Quantum harmonic oscillator state synthesis by reservoir engineering},
  author = {Kienzler, D. and  Lo, H.-Y. and Keitch, B. and de Clercq, L. and Leupold, F. and Lindenfelser, F. and Marinelli, M. and Negnevitsky, V. and Home, J. P.},
  journal = {Science},
  volume = {347},
  pages = {53},
  year = {2015},
  publisher = {Science},
  doi = {10.1126/science.1261033},
  url = {https://doi.org/10.1126/science.1261033}
}

@article{reiter2017nat,
  title = {Dissipative quantum error correction and application to quantum sensing with trapped ions},
  author = {Reiter, F. and S\o{}rensen, A. S. and Zoller, P. and Muschik, C. A.},
  journal = {Nat. Commun.},
  volume = {8},
  pages = {1822},
  year = {2017},
  publisher = {Nature Publishing Group},
  doi = {10.1038/s41467-017-01895-5},
  url = {https://doi.org/10.1038/s41467-017-01895-5}
}

@article{verstraete2009nat,
  title = {Quantum computation and quantum-state engineering driven by dissipation},
  author = {Verstraete, F. and Wolf, M. M. and Cirac, J. I.},
  journal = {Nat. Phys.},
  volume = {5},
  pages = {633},
  year = {2009},
  publisher = {Nature Publishing Group},
  doi = {10.1038/nphys1342},
  url = {https://doi.org/10.1038/nphys1342}
}

@article{diehl2008nat,
  title = {Quantum states and phases in driven open quantum systems with cold atoms},
  author = {Diehl, S. and Micheli, A. and Kantian, A. and Kraus, B. and B\"uchler, H. P. and Zoller, P.},
  journal = {Nat. Phys.},
  volume = {4},
  pages = {878},
  year = {2008},
  publisher = {Nature Publishing Group},
  doi = {10.1038/nphys1073},
  url = {https://doi.org/10.1038/nphys1073}
}

% ----------------------------- Disordered systems -----------------------------
@article{schulz:2018,
	Author = {Schulz, M. and Taylor, S. R. and Hooley, C. A. and Scardicchio, A.},
	Journal = {arXiv:1805.01036},
	Number = {1805.01036},
	Title = {{Energy transport in a disordered spin chain with broken U(1) symmetry: diffusion, subdiffusion, and many-body localization}},
	Year = {2018}
}

@article{abanin2017recent,
  title={Recent progress in many-body localization},
  author={Abanin, Dmitry A and Papi{\'c}, Zlatko},
  journal={Annalen der Physik},
  volume={529},
  number={7},
  pages={1700169},
  year={2017},
  publisher={Wiley Online Library},
  doi = {10.1002/andp.201700169}
}

@article{Oganesyan:2007,
	Author = {Oganesyan, Vadim and Huse, David A},
	Date-Added = {2016-09-12 16:11:37 +0000},
	Date-Modified = {2016-09-12 16:11:37 +0000},
	Journal = {Phys. Rev. B},
	Number = {15},
	Pages = {155111},
	Publisher = {APS},
	Title = {Localization of interacting fermions at high temperature},
	Volume = {75},
	Year = {2007}
}

@article{Nandkishore:2015,
	Author = {Nandkishore, Rahul and Huse, David A},
	Date-Added = {2016-09-12 15:38:07 +0000},
	Date-Modified = {2016-09-12 15:38:07 +0000},
	Journal = {Annu. Rev. Condens. Matter Phys.},
	Number = {1},
	Pages = {15--38},
	Publisher = {Annual Reviews},
	Title = {Many-Body Localization and Thermalization in Quantum Statistical Mechanics},
	Volume = {6},
	Year = {2015},
	doi = {10.1146/annurev-conmatphys-031214-014726}
}

@article{Altman:2015,
	Author = {Altman, Ehud and Vosk, Ronen},
	Date-Added = {2016-09-12 15:37:21 +0000},
	Date-Modified = {2016-09-12 15:37:21 +0000},
	Journal = {Annu. Rev. Condens. Matter Phys.},
	Number = {1},
	Pages = {383--409},
	Publisher = {Annual Reviews},
	Title = {Universal Dynamics and Renormalization in Many-Body-Localized Systems},
	Volume = {6},
	Year = {2015},
	doi = {10.1146/annurev-conmatphys-031214-014701}
}

@article{Basko:2006,
	Author = {Basko, DM and Aleiner, IL and Altshuler, BL},
	Journal = {Ann. Phys.},
	Number = {5},
	Pages = {1126--1205},
	Publisher = {Elsevier},
	Title = {Metal-insulator transition in a weakly interacting many-electron system with localized single-particle states},
	Volume = {321},
	Year = {2006},
	doi = {10.1016/j.aop.2005.11.014}
}