@article{ORUS2014117,
title = "A practical introduction to tensor networks: Matrix product states and projected entangled pair states",
journal = "Annals of Physics",
volume = "349",
pages = "117 - 158",
year = "2014",
issn = "0003-4916",
doi = "https://doi.org/10.1016/j.aop.2014.06.013",
url = "http://www.sciencedirect.com/science/article/pii/S0003491614001596",
author = "Román Orús",
keywords = "Tensor networks, MPS, PEPS, Entanglement"
}